@article{chen2018,
Author = {Jiawei Chen},
Journal = {International Journal of Industrial Organization},
Month = {February},
Number = {C},
Pages = {1-30},
Title = {Switching Costs and Network Compatibility},
Volume = {58},
Year = {2018}}

@misc{web-io,
Author = {James Chen},
Title = {Industrial Organization},
URL = {https://www.investopedia.com/terms/i/industrial-organization.asp},
Year = {2019}}

@book{book-tirole,
Author = {Jean Tirole},
Edition = {1st},
Number = {},
Publisher = {The MIT Press},
Series = {},
Title = {The Theory of Industrial Organization},
Volume = {},
Year = {1988}}

@unpublished{art,
Author = {Shang Huang},
Note = {From the general principles.},
Title = {Jiu Yin Zhen Jing},
Year = {1199}}
